<?xml version="1.0" encoding="UTF-8"?><record xmlns="http://www.loc.gov/MARC21/slim" xmlns:cinclude="http://apache.org/cocoon/include/1.0" xmlns:zs="http://www.loc.gov/zing/srw/">
  <leader>00716cz  a2200157n  4500</leader>
  <controlfield tag="001">n 2007072685</controlfield>
  <controlfield tag="003">DLC</controlfield>
  <controlfield tag="005">20071010075058.0</controlfield>
  <controlfield tag="008">071009n| acannaabn          |a aaa      </controlfield>
  <datafield tag="010" ind1=" " ind2=" ">
    <subfield code="a">n 2007072685</subfield>
  </datafield>
  <datafield tag="040" ind1=" " ind2=" ">
    <subfield code="a">DLC</subfield>
    <subfield code="b">eng</subfield>
    <subfield code="c">DLC</subfield>
  </datafield>
  <datafield tag="100" ind1="1" ind2=" ">
    <subfield code="a">Burgmüller, Friedrich,</subfield>
    <subfield code="d">1806-1874.</subfield>
    <subfield code="t">Valse de salon (Flûte enchantée)</subfield>
  </datafield>
  <datafield tag="400" ind1="1" ind2=" ">
    <subfield code="a">Burgmüller, Friedrich,</subfield>
    <subfield code="d">1806-1874.</subfield>
    <subfield code="t">Flûte enchantée valse de salon</subfield>
  </datafield>
  <datafield tag="670" ind1=" " ind2=" ">
    <subfield code="a">Inspiration Mozart, c2006:</subfield>
    <subfield code="b">p. [5] (La flûte enchantée : valse de salon; [for piano])</subfield>
  </datafield>
  <datafield tag="670" ind1=" " ind2=" ">
    <subfield code="a">Pazdírek. Universal-Handbuch der Musikliteratur aller Zeiten und Völker</subfield>
    <subfield code="b">(La flûte enchantée : valse de salon)</subfield>
  </datafield>
  <datafield tag="667" ind1=" " ind2=" ">
    <subfield code="a">Do not confuse with other works by Burgmüller titled Valse de salon.</subfield>
  </datafield>
</record>